<record xmlns='http://www.loc.gov/MARC21/slim'><leader>01303cim a22003372u 4500</leader><controlfield tag='001'>3601523</controlfield><controlfield tag='005'>20151214182857.0</controlfield><controlfield tag='007'>ss|lmnjluz|nuu</controlfield><controlfield tag='008'>991101s1983    nyunnn         l    eng d</controlfield><datafield ind1=' ' ind2=' ' tag='035'><subfield code='a'>(NIC)notisASF8588</subfield></datafield><datafield ind1=' ' ind2=' ' tag='035'><subfield code='a'>3601523</subfield></datafield><datafield ind1=' ' ind2=' ' tag='035'><subfield code='a'>(OCoLC)63897753</subfield></datafield><datafield ind1=' ' ind2=' ' tag='040'><subfield code='a'>NIC</subfield><subfield code='c'>NIC</subfield><subfield code='d'>NIC</subfield><subfield code='d'>NIC</subfield></datafield><datafield ind1='1' ind2=' ' tag='100'><subfield code='a'>Vonnegut, Kurt.</subfield></datafield><datafield ind1='1' ind2='0' tag='245'><subfield code='a'>Kurt Vonnegut, Jr. lectures about his work</subfield><subfield code='h'>[sound recording]</subfield></datafield><datafield ind1=' ' ind2=' ' tag='260'><subfield code='c'>1983.</subfield></datafield><datafield ind1=' ' ind2=' ' tag='300'><subfield code='a'>1 sound cassette (85 min.) :</subfield><subfield code='b'>analog, mono.</subfield></datafield><datafield ind1=' ' ind2=' ' tag='500'><subfield code='a'>Recorded in Ithaca, NY by Cornell University.</subfield></datafield><datafield ind1=' ' ind2=' ' tag='500'><subfield code='a'>Sponsored by: Sigma Phi Fraternity,Cornell Daily Sun,University Unions Programming Board.</subfield></datafield><datafield ind1=' ' ind2=' ' tag='518'><subfield code='a'>Lecture, April 17, 1983.</subfield></datafield><datafield ind1=' ' ind2=' ' tag='520'><subfield code='a'>Vonnegut describes life as a Cornell undergraduate and the way to become a &quot;successful&quot; writer.</subfield></datafield><datafield ind1=' ' ind2=' ' tag='540'><subfield code='a'>No reproductions authorized.</subfield></datafield><datafield ind1='1' ind2='0' tag='600'><subfield code='a'>Vonnegut, Kurt.</subfield></datafield><datafield ind1='2' ind2='0' tag='610'><subfield code='a'>Cornell University</subfield><subfield code='x'>Alumni and alumnae.</subfield></datafield><datafield ind1='1' ind2='7' tag='600'><subfield code='a'>Vonnegut, Kurt</subfield><subfield code='2'>fast</subfield><subfield code='0'>(OCoLC)fst00036929</subfield></datafield><datafield ind1='2' ind2='7' tag='610'><subfield code='a'>Cornell University</subfield><subfield code='2'>fast</subfield><subfield code='0'>(OCoLC)fst00530369</subfield></datafield><datafield ind1=' ' ind2='7' tag='650'><subfield code='a'>Universities and colleges</subfield><subfield code='x'>Alumni and alumnae</subfield><subfield code='2'>fast</subfield><subfield code='0'>(OCoLC)fst01161636</subfield></datafield><datafield ind1=' ' ind2='0' tag='830'><subfield code='a'>James Norris Oliphant distinguished speakers.</subfield></datafield><datafield ind1='1' ind2=' ' tag='899'><subfield code='a'>CULectures</subfield></datafield><datafield ind1=' ' ind2=' ' tag='905'><subfield code='a'>20000403120000.0</subfield></datafield><datafield ind1='2' ind2=' ' tag='948'><subfield code='a'>20141221</subfield><subfield code='b'>m</subfield><subfield code='d'>batch</subfield><subfield code='e'>lts</subfield><subfield code='x'>addfast</subfield></datafield></record>